@misc{chrome-app-blog,
    title = {A new breed of Chrome Apps},
    type = {Blog},
    number = {September 5},
    year = 2013,
    howpublished = {\url{http://chrome.blogspot.no/2013/09/a-new-breed-of-chrome-apps.html}}
}

@misc{chrome-extensions,
    author = {Google},
    title = {What are extensions?},
    howpublished = {\url{https://developer.chrome.com/extensions/overview}},
    note = "Accessed 2015-03-02"
}

@misc{angularjs,
    author = "Google",
    title = "AngularJS",
    url = "\url{https://angularjs.org/}",
    note = "[Accessed 2015-03-02]"
}
