Automatically generated by Mendeley Desktop 1.13.1
Any changes to this file will be lost if it is regenerated by Mendeley.

BibTeX export options can be customized via Options -> BibTeX in Mendeley Desktop

@phdthesis{Blocki2014,
author = {Blocki, Jeremiah},
file = {:home/andkof/human-computable-pws/references/usable-human-auth\_blocki.pdf:pdf},
school = {School of Computer Science, Carnegie Mellon University},
title = {{Usable Human Authentication: A Quantitative Treatment}},
year = {2014}
}
@article{sandvoll2014design,
author = {Sandvoll, Mats Birkeland},
file = {:home/andkof/human-computable-pws/references/design-and-analysis-of-a-password-managment-system\_Sandvoll.pdf:pdf},
publisher = {Institutt for elektronikk og telekommunikasjon},
title = {{Design and Analysis of a Password Management System}},
year = {2014}
}
@article{weakest-link_sasse,
author = {Sasse, M A and Brostoff, S and Weirich, D},
doi = {10.1023/A:1011902718709},
file = {:home/andkof/human-computable-pws/references/transforming-the-weakest-link\_sasse.pdf:pdf},
issn = {1358-3948},
journal = {BT Technology Journal},
number = {3},
pages = {122--131},
publisher = {Kluwer Academic Publishers},
title = {{Transforming the ‘Weakest Link’ — a Human/Computer Interaction Approach to Usable and Effective Security}},
volume = {19},
year = {2001}
}
@article{hcp-blocki,
archivePrefix = {arXiv},
arxivId = {arXiv:1404.0024v2},
author = {Blum, Manuel and Datta, Anupam},
eprint = {arXiv:1404.0024v2},
file = {:home/andkof/human-computable-pws/references/human-computable-password\_Blocki.pdf:pdf},
keywords = {human authentication,passwords,planted satisfiability,statistical algorithms,statistical dimension},
pages = {1--43},
title = {{Human Computable Passwords}},
year = {2014}
}
