@article{brostoff2003ten,
  title={“Ten strikes and you're out”: Increasing the number of login attempts can improve password usability},
  author={Brostoff, Sacha and Sasse, M Angela},
  year={2003}
}
