@article{DBLP:journals/isjgp/AkramMV12,
  author    = {Syed Akram and
               Mohammed Misbahuddin and
               G. Varaprasad},
  title     = {A Usable and Secure Two-Factor Authentication Scheme},
  journal   = {Information Security Journal: {A} Global Perspective},
  volume    = {21},
  number    = {4},
  pages     = {169--182},
  year      = {2012},
  url       = {http://dx.doi.org/10.1080/19393555.2011.629340},
  doi       = {10.1080/19393555.2011.629340},
  timestamp = {Sat, 16 Jun 2012 13:52:01 +0200},
  biburl    = {http://dblp.uni-trier.de/rec/bib/journals/isjgp/AkramMV12},
  bibsource = {dblp computer science bibliography, http://dblp.org}
}

