@book{branas2014angularjs,
  title={AngularJS Essentials},
  author={Branas, Rodrigo},
  year={2014},
  publisher={Packt Publishing Ltd}
}
