@INPROCEEDINGS{javascript-injection, 
author={Barua, A. and Zulkernine, M. and Weldemariam, K.}, 
booktitle={Engineering of Complex Computer Systems (ICECCS), 2013 18th International Conference on}, 
title={Protecting Web Browser Extensions from JavaScript Injection Attacks}, 
year={2013}, 
month={July}, 
pages={188-197}, 
keywords={Java;authorisation;online front-ends;program diagnostics;JavaScript injection attacks;JavaScript security solutions;Mozilla Firefox browser;Web browser extension protection;browser security models;code randomization technique;malicious code;nonvulnerable Firefox extensions;runtime protection mechanism;static analysis technique;unauthorized parties;user credentials;Abstracts;Browsers;Engines;Instruments;Runtime;Security;User interfaces;Browser Extension;JavaScript Injection Attack;Randomization;Static Analysis}, 
doi={10.1109/ICECCS.2013.36},}
