@inproceedings{carlini2012evaluation,
  title={An Evaluation of the Google Chrome Extension Security Architecture.},
  author={Carlini, Nicholas and Felt, Adrienne Porter and Wagner, David},
  booktitle={USENIX Security Symposium},
  pages={97--111},
  year={2012}
}
