@article{liuchrome,
  title={Chrome Extensions: Threat Analysis and Countermeasures},
  author={Liu, Lei and Zhang, Xinwen and Center, Vuclip Inc Huawei R\&D and Yan, Guanhua and Chen, Songqing}
}
