@inproceedings{stark2009symmetric,
  title={Symmetric cryptography in javascript},
  author={Stark, Emily and Hamburg, Michael and Boneh, Dan},
  booktitle={Computer Security Applications Conference, 2009. ACSAC'09. Annual},
  pages={373--381},
  year={2009},
  organization={IEEE}
}
