@article{sandvoll2014design,
  title={Design and Analysis of a Password Management System},
  author={Sandvoll, Mats Birkeland},
  year={2014},
  publisher={Institutt for elektronikk og telekommunikasjon}
}
