@article{DBLP:journals/cacm/IvesWS04,
  author    = {Blake Ives and
               Kenneth R. Walsh and
               Helmut Schneider},
  title     = {The domino effect of password reuse},
  journal   = {Commun. {ACM}},
  volume    = {47},
  number    = {4},
  pages     = {75--78},
  year      = {2004},
  url       = {http://doi.acm.org/10.1145/975817.975820},
  doi       = {10.1145/975817.975820},
  timestamp = {Thu, 09 Feb 2006 13:19:50 +0100},
  biburl    = {http://dblp.uni-trier.de/rec/bib/journals/cacm/IvesWS04},
  bibsource = {dblp computer science bibliography, http://dblp.org}
}

