@article{DBLP:journals/chb/NelsonV10,
  author    = {Deborah Nelson and
               Kim{-}Phuong L. Vu},
  title     = {Effectiveness of image-based mnemonic techniques for enhancing the
               memorability and security of user-generated passwords},
  journal   = {Computers in Human Behavior},
  volume    = {26},
  number    = {4},
  pages     = {705--715},
  year      = {2010},
  url       = {http://dx.doi.org/10.1016/j.chb.2010.01.007},
  doi       = {10.1016/j.chb.2010.01.007},
  timestamp = {Fri, 18 Feb 2011 14:12:48 +0100},
  biburl    = {http://dblp.uni-trier.de/rec/bib/journals/chb/NelsonV10},
  bibsource = {dblp computer science bibliography, http://dblp.org}
}

