@book{hartwig1979exploratory,
  title={Exploratory data analysis},
  author={Hartwig, Frederick and Dearing, Brian E},
  year={1979},
  publisher={Sage Publications Beverly Hills}
}
