@inproceedings{DBLP:conf/cms/RassSK10,
  author    = {Stefan Rass and
               David Schuller and
               Christian Kollmitzer},
  title     = {Entropy of Graphical Passwords: Towards an Information-Theoretic Analysis
               of Face-Recognition Based Authentication},
  booktitle = {Communications and Multimedia Security, 11th {IFIP} {TC} 6/TC 11 International
               Conference, {CMS} 2010, Linz, Austria, May 31 - June 2, 2010. Proceedings},
  pages     = {166--177},
  year      = {2010},
  crossref  = {DBLP:conf/cms/2010},
  url       = {http://dx.doi.org/10.1007/978-3-642-13241-4_16},
  doi       = {10.1007/978-3-642-13241-4_16},
  timestamp = {Tue, 08 Jun 2010 09:37:57 +0200},
  biburl    = {http://dblp.uni-trier.de/rec/bib/conf/cms/RassSK10},
  bibsource = {dblp computer science bibliography, http://dblp.org}
}

@proceedings{DBLP:conf/cms/2010,
  editor    = {Bart De Decker and
               Ingrid Schaum{\"{u}}ller{-}Bichl},
  title     = {Communications and Multimedia Security, 11th {IFIP} {TC} 6/TC 11 International
               Conference, {CMS} 2010, Linz, Austria, May 31 - June 2, 2010. Proceedings},
  series    = {Lecture Notes in Computer Science},
  volume    = {6109},
  publisher = {Springer},
  year      = {2010},
  url       = {http://dx.doi.org/10.1007/978-3-642-13241-4},
  doi       = {10.1007/978-3-642-13241-4},
  isbn      = {978-3-642-13240-7},
  timestamp = {Tue, 08 Jun 2010 09:35:56 +0200},
  biburl    = {http://dblp.uni-trier.de/rec/bib/conf/cms/2010},
  bibsource = {dblp computer science bibliography, http://dblp.org}
}

