@article{DBLP:journals/virology/LouwLV08,
  author    = {Mike Ter Louw and
               Jin Soon Lim and
               V. N. Venkatakrishnan},
  title     = {Enhancing web browser security against malware extensions},
  journal   = {Journal in Computer Virology},
  volume    = {4},
  number    = {3},
  pages     = {179--195},
  year      = {2008},
  url       = {http://dx.doi.org/10.1007/s11416-007-0078-5},
  doi       = {10.1007/s11416-007-0078-5},
  timestamp = {Fri, 08 Aug 2008 08:24:07 +0200},
  biburl    = {http://dblp.uni-trier.de/rec/bib/journals/virology/LouwLV08},
  bibsource = {dblp computer science bibliography, http://dblp.org}
}

