@article{squire1989course,
  title={On the course of forgetting in very long-term memory.},
  author={Squire, Larry R},
  journal={Journal of Experimental Psychology: Learning, Memory, and Cognition},
  volume={15},
  number={2},
  pages={241},
  year={1989},
  publisher={American Psychological Association}
}
