@incollection{
year={2014},
isbn={978-3-319-07349-1},
booktitle={Advanced Computing, Networking and Informatics- Volume 2},
volume={28},
series={Smart Innovation, Systems and Technologies},
editor={Kumar Kundu, Malay and Mohapatra, Durga Prasad and Konar, Amit and Chakraborty, Aruna},
doi={10.1007/978-3-319-07350-7_30},
title={A Framework for Analysing the Security of Chrome Extensions},
url={http://dx.doi.org/10.1007/978-3-319-07350-7_30},
publisher={Springer International Publishing},
author={Aravind, V. and Sethumadhavan, M.},
pages={267-272},
language={English}
}
