@inproceedings{florencio2014administrator,
  title={An administratorâ€™s guide to internet password research},
  author={Flor{\^e}ncio, Dinei and Herley, Cormac and Van Oorschot, Paul C},
  booktitle={Proc. USENIX LISA},
  year={2014}
}
