@book{baddeley1997human,
  title={Human memory: Theory and practice},
  author={Baddeley, Alan D},
  year={1997},
  publisher={Psychology Press}
}
