@article{stubblefield2004inkblot,
  title={Inkblot authentication},
  author={Stubblefield, Adam and Simon, Dan},
  journal={Microsoft Research},
  year={2004}
}
