@article{DBLP:journals/ijmms/AngeliCJR05,
  author    = {Antonella De Angeli and
               Lynne M. Coventry and
               Graham Johnson and
               Karen Renaud},
  title     = {Is a picture really worth a thousand words? Exploring the feasibility
               of graphical authentication systems},
  journal   = {International Journal of Man-Machine Studies},
  volume    = {63},
  number    = {1-2},
  pages     = {128--152},
  year      = {2005},
  url       = {http://dx.doi.org/10.1016/j.ijhcs.2005.04.020},
  doi       = {10.1016/j.ijhcs.2005.04.020},
  timestamp = {Fri, 21 Jul 2006 13:40:43 +0200},
  biburl    = {http://dblp.uni-trier.de/rec/bib/journals/ijmms/AngeliCJR05},
  bibsource = {dblp computer science bibliography, http://dblp.org}
}

