@inproceedings{DBLP:conf/acsac/DhawanG09,
  author    = {Mohan Dhawan and
               Vinod Ganapathy},
  title     = {Analyzing Information Flow in JavaScript-Based Browser Extensions},
  booktitle = {Twenty-Fifth Annual Computer Security Applications Conference, {ACSAC}
               2009, Honolulu, Hawaii, 7-11 December 2009},
  pages     = {382--391},
  year      = {2009},
  crossref  = {DBLP:conf/acsac/2009},
  url       = {http://dx.doi.org/10.1109/ACSAC.2009.43},
  doi       = {10.1109/ACSAC.2009.43},
  timestamp = {Mon, 04 Aug 2014 17:08:32 +0200},
  biburl    = {http://dblp.uni-trier.de/rec/bib/conf/acsac/DhawanG09},
  bibsource = {dblp computer science bibliography, http://dblp.org}
}

