@inproceedings{zhao2013security,
  title={A Security Analysis of Two Commercial Browser and Cloud Based Password Managers},
  author={Zhao, Rui and Yue, Chuan and Sun, Kun},
  booktitle={Social Computing (SocialCom), 2013 International Conference on},
  pages={448--453},
  year={2013},
  organization={IEEE}
}
