@article{deacon2009model,
  title={Model-view-controller (mvc) architecture},
  author={Deacon, John},
  journal={Online][Citado em: 10 de mar{\c{c}}o de 2006.] http://www. jdl. co. uk/briefings/MVC. pdf},
  year={2009}
}
