@inproceedings{DBLP:conf/asiacrypt/BlockiBD13,
  author    = {Jeremiah Blocki and
               Manuel Blum and
               Anupam Datta},
  title     = {Naturally Rehearsing Passwords},
  booktitle = {Advances in Cryptology - {ASIACRYPT} 2013 - 19th International Conference
               on the Theory and Application of Cryptology and Information Security,
               Bengaluru, India, December 1-5, 2013, Proceedings, Part {II}},
  pages     = {361--380},
  year      = {2013},
  crossref  = {DBLP:conf/asiacrypt/2013-2},
  url       = {http://dx.doi.org/10.1007/978-3-642-42045-0_19},
  doi       = {10.1007/978-3-642-42045-0_19},
  timestamp = {Thu, 12 Dec 2013 14:55:45 +0100},
  biburl    = {http://dblp.uni-trier.de/rec/bib/conf/asiacrypt/BlockiBD13},
  bibsource = {dblp computer science bibliography, http://dblp.org}
}

