@inproceedings{DBLP:conf/uss/SilverJBCJ14,
  author    = {David Silver and
               Suman Jana and
               Dan Boneh and
               Eric Yawei Chen and
               Collin Jackson},
  title     = {Password Managers: Attacks and Defenses},
  booktitle = {Proceedings of the 23rd {USENIX} Security Symposium, San Diego, CA,
               USA, August 20-22, 2014.},
  pages     = {449--464},
  year      = {2014},
  crossref  = {DBLP:conf/uss/2014},
  url       = {https://www.usenix.org/conference/usenixsecurity14/technical-sessions/presentation/silver},
  timestamp = {Wed, 10 Sep 2014 16:44:18 +0200},
  biburl    = {http://dblp.uni-trier.de/rec/bib/conf/uss/SilverJBCJ14},
  bibsource = {dblp computer science bibliography, http://dblp.org}
}

@proceedings{DBLP:conf/uss/2014,
  editor    = {Kevin Fu and
               Jaeyeon Jung},
  title     = {Proceedings of the 23rd {USENIX} Security Symposium, San Diego, CA,
               USA, August 20-22, 2014},
  publisher = {{USENIX} Association},
  year      = {2014},
  url       = {https://www.usenix.org/conference/usenixsecurity14},
  timestamp = {Wed, 10 Sep 2014 16:41:03 +0200},
  biburl    = {http://dblp.uni-trier.de/rec/bib/conf/uss/2014},
  bibsource = {dblp computer science bibliography, http://dblp.org}
}

