@article{DBLP:journals/ijmms/VuPBTCS07,
  author    = {Kim{-}Phuong L. Vu and
               Robert W. Proctor and
               Abhilasha Bhargav{-}Spantzel and
               Bik{-}Lam (Belin) Tai and
               Joshua Cook and
               E. Eugene Schultz},
  title     = {Improving password security and memorability to protect personal and
               organizational information},
  journal   = {International Journal of Man-Machine Studies},
  volume    = {65},
  number    = {8},
  pages     = {744--757},
  year      = {2007},
  url       = {http://dx.doi.org/10.1016/j.ijhcs.2007.03.007},
  doi       = {10.1016/j.ijhcs.2007.03.007},
  timestamp = {Mon, 05 Nov 2007 11:57:50 +0100},
  biburl    = {http://dblp.uni-trier.de/rec/bib/journals/ijmms/VuPBTCS07},
  bibsource = {dblp computer science bibliography, http://dblp.org}
}

