@inproceedings{komanduri2011passwords,
  title={Of passwords and people: measuring the effect of password-composition policies},
  author={Komanduri, Saranga and Shay, Richard and Kelley, Patrick Gage and Mazurek, Michelle L and Bauer, Lujo and Christin, Nicolas and Cranor, Lorrie Faith and Egelman, Serge},
  booktitle={Proceedings of the SIGCHI Conference on Human Factors in Computing Systems},
  pages={2595--2604},
  year={2011},
  organization={ACM}
}
