@article{DBLP:journals/ieeesp/YanBAG04,
  author    = {Jeff Jianxin Yan and
               Alan F. Blackwell and
               Ross J. Anderson and
               Alasdair Grant},
  title     = {Password Memorability and Security: Empirical Results},
  journal   = {{IEEE} Security {\&} Privacy},
  volume    = {2},
  number    = {5},
  pages     = {25--31},
  year      = {2004},
  url       = {http://doi.ieeecomputersociety.org/10.1109/MSP.2004.81},
  doi       = {10.1109/MSP.2004.81},
  timestamp = {Thu, 27 Apr 2006 13:14:49 +0200},
  biburl    = {http://dblp.uni-trier.de/rec/bib/journals/ieeesp/YanBAG04},
  bibsource = {dblp computer science bibliography, http://dblp.org}
}

