@inproceedings{Shay:2007:PPS:1314403.1314405,
 author = {Shay, Richard and Bhargav-Spantzel, Abhilasha and Bertino, Elisa},
 title = {Password Policy Simulation and Analysis},
 booktitle = {Proceedings of the 2007 ACM Workshop on Digital Identity Management},
 series = {DIM '07},
 year = {2007},
 isbn = {978-1-59593-889-3},
 location = {Fairfax, Virginia, USA},
 pages = {1--10},
 numpages = {10},
 url = {http://doi.acm.org/10.1145/1314403.1314405},
 doi = {10.1145/1314403.1314405},
 acmid = {1314405},
 publisher = {ACM},
 address = {New York, NY, USA},
 keywords = {management, modeling, password, policy, simulation},
}