@inproceedings{DBLP:conf/www/FlorencioH07,
  author    = {Dinei A. F. Flor{\^{e}}ncio and
               Cormac Herley},
  title     = {A large-scale study of web password habits},
  booktitle = {Proceedings of the 16th International Conference on World Wide Web,
               {WWW} 2007, Banff, Alberta, Canada, May 8-12, 2007},
  pages     = {657--666},
  year      = {2007},
  crossref  = {DBLP:conf/www/2007},
  url       = {http://doi.acm.org/10.1145/1242572.1242661},
  doi       = {10.1145/1242572.1242661},
  timestamp = {Wed, 22 Aug 2007 09:51:15 +0200},
  biburl    = {http://dblp.uni-trier.de/rec/bib/conf/www/FlorencioH07},
  bibsource = {dblp computer science bibliography, http://dblp.org}
}

@proceedings{DBLP:conf/www/2007,
  editor    = {Carey L. Williamson and
               Mary Ellen Zurko and
               Peter F. Patel{-}Schneider and
               Prashant J. Shenoy},
  title     = {Proceedings of the 16th International Conference on World Wide Web,
               {WWW} 2007, Banff, Alberta, Canada, May 8-12, 2007},
  publisher = {{ACM}},
  year      = {2007},
  isbn      = {978-1-59593-654-7},
  timestamp = {Wed, 22 Aug 2007 09:51:15 +0200},
  biburl    = {http://dblp.uni-trier.de/rec/bib/conf/www/2007},
  bibsource = {dblp computer science bibliography, http://dblp.org}
}

