@inproceedings{DBLP:conf/ndss/CarnavaletM14,
  author    = {Xavier de Carn{\'{e}} de Carnavalet and
               Mohammad Mannan},
  title     = {From Very Weak to Very Strong: Analyzing Password-Strength Meters},
  booktitle = {21st Annual Network and Distributed System Security Symposium, {NDSS}
               2014, San Diego, California, USA, February 23-26, 2013},
  year      = {2014},
  crossref  = {DBLP:conf/ndss/2014},
  url       = {http://www.internetsociety.org/doc/very-weak-very-strong-analyzing-password-strength-meters},
  timestamp = {Fri, 05 Dec 2014 10:17:14 +0100},
  biburl    = {http://dblp.uni-trier.de/rec/bib/conf/ndss/CarnavaletM14},
  bibsource = {dblp computer science bibliography, http://dblp.org}
}

@proceedings{DBLP:conf/ndss/2014,
  title     = {21st Annual Network and Distributed System Security Symposium, {NDSS}
               2014, San Diego, California, USA, February 23-26, 2013},
  publisher = {The Internet Society},
  year      = {2014},
  url       = {http://www.internetsociety.org/events/ndss-symposium-2014},
  timestamp = {Tue, 02 Dec 2014 18:34:54 +0100},
  biburl    = {http://dblp.uni-trier.de/rec/bib/conf/ndss/2014},
  bibsource = {dblp computer science bibliography, http://dblp.org}
}

