@inproceedings{DBLP:conf/chi/HayashiH11,
  author    = {Eiji Hayashi and
               Jason I. Hong},
  title     = {A diary study of password usage in daily life},
  booktitle = {Proceedings of the International Conference on Human Factors in Computing
               Systems, {CHI} 2011, Vancouver, BC, Canada, May 7-12, 2011},
  pages     = {2627--2630},
  year      = {2011},
  crossref  = {DBLP:conf/chi/2011},
  url       = {http://doi.acm.org/10.1145/1978942.1979326},
  doi       = {10.1145/1978942.1979326},
  timestamp = {Fri, 16 Aug 2013 09:59:13 +0200},
  biburl    = {http://dblp.uni-trier.de/rec/bib/conf/chi/HayashiH11},
  bibsource = {dblp computer science bibliography, http://dblp.org}
}

