@article{DBLP:journals/jsw/LiuHP14,
  author    = {Zhipeng Liu and
               Yefan Hong and
               Dechang Pi},
  title     = {A Large-Scale Study of Web Password Habits of Chinese Network Users},
  journal   = {{JSW}},
  volume    = {9},
  number    = {2},
  pages     = {293--297},
  year      = {2014},
  url       = {http://dx.doi.org/10.4304/jsw.9.2.293-297},
  doi       = {10.4304/jsw.9.2.293-297},
  timestamp = {Sun, 09 Mar 2014 19:33:11 +0100},
  biburl    = {http://dblp.uni-trier.de/rec/bib/journals/jsw/LiuHP14},
  bibsource = {dblp computer science bibliography, http://dblp.org}
}

