@inproceedings{DBLP:conf/chi/TullisT05,
  author    = {Thomas S. Tullis and
               Donna P. Tedesco},
  title     = {Using personal photos as pictorial passwords},
  booktitle = {Extended Abstracts Proceedings of the 2005 Conference on Human Factors
               in Computing Systems, {CHI} 2005, Portland, Oregon, USA, April 2-7,
               2005},
  pages     = {1841--1844},
  year      = {2005},
  crossref  = {DBLP:conf/chi/2005a},
  url       = {http://doi.acm.org/10.1145/1056808.1057036},
  doi       = {10.1145/1056808.1057036},
  timestamp = {Fri, 10 Feb 2006 16:00:41 +0100},
  biburl    = {http://dblp.uni-trier.de/rec/bib/conf/chi/TullisT05},
  bibsource = {dblp computer science bibliography, http://dblp.org}
}

@proceedings{DBLP:conf/chi/2005a,
  editor    = {Gerrit C. van der Veer and
               Carolyn Gale},
  title     = {Extended Abstracts Proceedings of the 2005 Conference on Human Factors
               in Computing Systems, {CHI} 2005, Portland, Oregon, USA, April 2-7,
               2005},
  publisher = {{ACM}},
  year      = {2005},
  isbn      = {1-59593-002-7},
  timestamp = {Fri, 03 Jun 2005 14:13:19 +0200},
  biburl    = {http://dblp.uni-trier.de/rec/bib/conf/chi/2005a},
  bibsource = {dblp computer science bibliography, http://dblp.org}
}

