@inproceedings{DBLP:conf/ndss/BarthFSB10,
  author    = {Adam Barth and
               Adrienne Porter Felt and
               Prateek Saxena and
               Aaron Boodman},
  title     = {Protecting Browsers from Extension Vulnerabilities},
  booktitle = {Proceedings of the Network and Distributed System Security Symposium,
               {NDSS} 2010, San Diego, California, USA, 28th February - 3rd March
               2010},
  year      = {2010},
  crossref  = {DBLP:conf/ndss/2010},
  url       = {http://www.isoc.org/isoc/conferences/ndss/10/pdf/04.pdf},
  timestamp = {Wed, 31 Aug 2011 14:02:14 +0200},
  biburl    = {http://dblp.uni-trier.de/rec/bib/conf/ndss/BarthFSB10},
  bibsource = {dblp computer science bibliography, http://dblp.org}
}

@proceedings{DBLP:conf/ndss/2010,
  title     = {Proceedings of the Network and Distributed System Security Symposium,
               {NDSS} 2010, San Diego, California, USA, 28th February - 3rd March
               2010},
  publisher = {The Internet Society},
  year      = {2010},
  url       = {http://www.isoc.org/isoc/conferences/ndss/10/},
  timestamp = {Wed, 31 Aug 2011 13:59:42 +0200},
  biburl    = {http://dblp.uni-trier.de/rec/bib/conf/ndss/2010},
  bibsource = {dblp computer science bibliography, http://dblp.org}
}

