@article{DBLP:journals/behaviourIT/TamGV10,
  author    = {L. Tam and
               M. Glassman and
               Mark Vandenwauver},
  title     = {The psychology of password management: a tradeoff between security
               and convenience},
  journal   = {Behaviour {\&} {IT}},
  volume    = {29},
  number    = {3},
  pages     = {233--244},
  year      = {2010},
  url       = {http://dx.doi.org/10.1080/01449290903121386},
  doi       = {10.1080/01449290903121386},
  timestamp = {Tue, 28 Dec 2010 10:38:15 +0100},
  biburl    = {http://dblp.uni-trier.de/rec/bib/journals/behaviourIT/TamGV10},
  bibsource = {dblp computer science bibliography, http://dblp.org}
}

