@inproceedings{ma2010password,
  title={Password entropy and password quality},
  author={Ma, Wanli and Campbell, John and Tran, Dat and Kleeman, Dale},
  booktitle={Network and System Security (NSS), 2010 4th International Conference on},
  pages={583--587},
  year={2010},
  organization={IEEE}
}
