@inproceedings{DBLP:conf/soups/GawF06,
  author    = {Shirley Gaw and
               Edward W. Felten},
  title     = {Password management strategies for online accounts},
  booktitle = {Proceedings of the 2nd Symposium on Usable Privacy and Security, {SOUPS}
               2006, Pittsburgh, Pennsylvania, USA, July 12-14, 2006},
  pages     = {44--55},
  year      = {2006},
  crossref  = {DBLP:conf/soups/2006},
  url       = {http://doi.acm.org/10.1145/1143120.1143127},
  doi       = {10.1145/1143120.1143127},
  timestamp = {Tue, 10 Jun 2008 10:36:20 +0200},
  biburl    = {http://dblp.uni-trier.de/rec/bib/conf/soups/GawF06},
  bibsource = {dblp computer science bibliography, http://dblp.org}
}

