@incollection{DBLP:reference/crypt/Brose11b,
  author    = {Gerald Brose},
  title     = {Rainbow Tables},
  booktitle = {Encyclopedia of Cryptography and Security, 2nd Ed.},
  pages     = {1021--1022},
  year      = {2011},
  crossref  = {DBLP:reference/crypt/2011},
  url       = {http://dx.doi.org/10.1007/978-1-4419-5906-5_219},
  doi       = {10.1007/978-1-4419-5906-5_219},
  timestamp = {Fri, 25 Nov 2011 17:44:27 +0100},
  biburl    = {http://dblp.uni-trier.de/rec/bib/reference/crypt/Brose11b},
  bibsource = {dblp computer science bibliography, http://dblp.org}
}

@book{DBLP:reference/crypt/2011,
  editor    = {Henk C. A. van Tilborg and
               Sushil Jajodia},
  title     = {Encyclopedia of Cryptography and Security, 2nd Ed},
  publisher = {Springer},
  year      = {2011},
  url       = {http://dx.doi.org/10.1007/978-1-4419-5906-5},
  doi       = {10.1007/978-1-4419-5906-5},
  isbn      = {978-1-4419-5905-8},
  timestamp = {Fri, 25 Nov 2011 17:44:27 +0100},
  biburl    = {http://dblp.uni-trier.de/rec/bib/reference/crypt/2011},
  bibsource = {dblp computer science bibliography, http://dblp.org}
}

