@article{DBLP:journals/cn/AcarBK13,
  author    = {Tolga Acar and
               Mira Belenkiy and
               Alptekin K{\"{u}}p{\c{c}}{\"{u}}},
  title     = {Single password authentication},
  journal   = {Computer Networks},
  volume    = {57},
  number    = {13},
  pages     = {2597--2614},
  year      = {2013},
  url       = {http://dx.doi.org/10.1016/j.comnet.2013.05.007},
  doi       = {10.1016/j.comnet.2013.05.007},
  timestamp = {Mon, 19 Aug 2013 09:06:57 +0200},
  biburl    = {http://dblp.uni-trier.de/rec/bib/journals/cn/AcarBK13},
  bibsource = {dblp computer science bibliography, http://dblp.org}
}

