@article{DBLP:journals/jcss/AlonMS99,
  author    = {Noga Alon and
               Yossi Matias and
               Mario Szegedy},
  title     = {The Space Complexity of Approximating the Frequency Moments},
  journal   = {J. Comput. Syst. Sci.},
  volume    = {58},
  number    = {1},
  pages     = {137--147},
  year      = {1999},
  url       = {http://dx.doi.org/10.1006/jcss.1997.1545},
  doi       = {10.1006/jcss.1997.1545},
  timestamp = {Tue, 05 Jul 2011 11:11:13 +0200},
  biburl    = {http://dblp.uni-trier.de/rec/bib/journals/jcss/AlonMS99},
  bibsource = {dblp computer science bibliography, http://dblp.org}
}

