@inproceedings{DBLP:conf/uss/FlorencioHC07,
  author    = {Dinei Flor{\^{e}}ncio and
               Cormac Herley and
               Baris Coskun},
  title     = {Do Strong Web Passwords Accomplish Anything?},
  booktitle = {2nd {USENIX} Workshop on Hot Topics in Security, HotSec'07, Boston,
               MA, USA, August 7, 2007},
  year      = {2007},
  crossref  = {DBLP:conf/uss/2007hotsec},
  url       = {https://www.usenix.org/conference/hotsec-07/do-strong-web-passwords-accomplish-anything},
  timestamp = {Wed, 14 May 2014 20:59:32 +0200},
  biburl    = {http://dblp.uni-trier.de/rec/bib/conf/uss/FlorencioHC07},
  bibsource = {dblp computer science bibliography, http://dblp.org}
}

@proceedings{DBLP:conf/uss/2007hotsec,
  title     = {2nd {USENIX} Workshop on Hot Topics in Security, HotSec'07, Boston,
               MA, USA, August 7, 2007},
  publisher = {{USENIX} Association},
  year      = {2007},
  url       = {https://www.usenix.org/publications/proceedings/?f[0]=im_group_audience%3A108},
  timestamp = {Wed, 14 May 2014 20:55:38 +0200},
  biburl    = {http://dblp.uni-trier.de/rec/bib/conf/uss/2007hotsec},
  bibsource = {dblp computer science bibliography, http://dblp.org}
}

