@article{yan2000memorability,
  title={The memorability and security of passwords: some empirical results},
  author={Yan, Jianxin and Blackwell, Alan and Anderson, Ross and Grant, Alasdair},
  journal={Technical Report-University Of Cambridge Computer Laboratory},
  pages={1},
  year={2000},
  publisher={UNIVERSITY OF CAMBRIDGE}
}
