@article{weakest-link_sasse,
	year={2001},
	issn={1358-3948},
	journal={BT Technology Journal},
	volume={19},
	number={3},
	doi={10.1023/A:1011902718709},
	title={Transforming the ‘Weakest Link’ — a Human/Computer Interaction Approach to Usable and Effective Security},
	publisher={Kluwer Academic Publishers},
	author={Sasse, MA and Brostoff, S and Weirich, D},
	pages={122-131},
	language={English}
}
