@article{tukey1977exploratory,
  title={Exploratory data analysis},
  author={Tukey, John W},
  journal={Reading, Ma},
  volume={231},
  pages={32},
  year={1977}
}
