@inproceedings{DBLP:conf/hci/Choong14,
  author    = {Yee{-}Yin Choong},
  title     = {A Cognitive-Behavioral Framework of User Password Management Lifecycle},
  booktitle = {Human Aspects of Information Security, Privacy, and Trust - Second
               International Conference, {HAS} 2014, Held as Part of {HCI} International
               2014, Heraklion, Crete, Greece, June 22-27, 2014. Proceedings},
  pages     = {127--137},
  year      = {2014},
  crossref  = {DBLP:conf/hci/2014-24},
  url       = {http://dx.doi.org/10.1007/978-3-319-07620-1_12},
  doi       = {10.1007/978-3-319-07620-1_12},
  timestamp = {Tue, 10 Jun 2014 14:57:49 +0200},
  biburl    = {http://dblp.uni-trier.de/rec/bib/conf/hci/Choong14},
  bibsource = {dblp computer science bibliography, http://dblp.org}
}


